@online{1,
  author    = {DNSstuff},
  title     = {What is a Hypervisor?},
  url       = {https://www.dnsstuff.com/what-is-hypervisor},
  urldate   = {2019-04-01},
}

@online{2,
  author    = {Virtasant},
  title     = {Hypervisors: A Comprehensive Guide},
  url       = {https://www.virtasant.com/blog/hypervisors-a-comprehensive-guide},
}

@online{3,
  author    = {TechTarget},
  title     = {Virtualization Definition},
  url       = {https://www.techtarget.com/searchitoperations/definition/virtualization},
}

@online{4,
  author    = {StarWind Software},
  title     = {Virtualization},
  url       = {https://www.starwindsoftware.com/blog/virtualization},
}

@book{5,
    title = {Linux Networking 101},
    author = {David M. Davis},
    publisher = {ActualTech Media},
    year = {2017}, 
    editor = {Hilary Kirchner and Christina Guthrie and Madison Emery},
    note = {Layout and Design: Scott D. Lowe},
    address = {Okatie Village Ste 103-157}, 
}

@online{6,
  author    = {baeldung},
  title     = {Traceroute: What Are the Three Stars in the Output?},
  year      = {2022},
  url       = {https://www.baeldung.com/linux/traceroute-three-stars},
}

@online{8,
  author = {Wikipedia},
  title = {Linux namespaces},
  url = {https://en.wikipedia.org/wiki/Linux_namespaces},
  note = {Wikipedia},
}

@online{9,
  author = {Masud, Reduan},
  title = {Create Network Namespace and Ping Between Them Through Veth Cable (Virtual Ether Cable)},
  year = {2023}, 
  url = {https://medium.com/@reduanmasudcse/create-network-namespace-and-ping-between-them-through-veth-cable-virtual-ether-cable-143ba5da1da0},
  note = {Medium},
}

